@article{ando9mostly,
  title={Mostly-Unsupervised Statistical Segmentation of Japanese Kanji Sequences},
  author={Ando, Rie Kubota and Lee, Lillian},
  journal={Natural Language Engineering},
  volume={9},
  number={2},
  pages={127--149},
  year = {2003}
}

@article{baum1966statistical,
  title={Statistical inference for probabilistic functions of finite state Markov chains},
  author={Baum, Leonard E and Petrie, Ted},
  journal={The annals of mathematical statistics},
  volume={37},
  number={6},
  pages={1554--1563},
  year={1966},
  publisher={JSTOR}
}

@article{baum1972equality,
  title={An equality and associated maximization technique in statistical estimation for probabilistic functions of Markov processes},
  author={Baum, Leonard E},
  journal={Inequalities},
  volume={3},
  pages={1--8},
  year={1972}
}
@inproceedings{brown1988statistical,
  title={A statistical approach to language translation},
  author={Brown, Peter and Cocke, John and Pietra, S Della and Pietra, V Della and Jelinek, Frederick and Mercer, Robert and Roossin, Paul},
  booktitle={Proceedings of the 12th conference on Computational linguistics-Volume 1},
  pages={71--76},
  year={1988},
  organization={Association for Computational Linguistics}
}

@article{brown1990statistical,
  title={A statistical approach to machine translation},
  author={Brown, Peter F and Cocke, John and Pietra, Stephen A Della and Pietra, Vincent J Della and Jelinek, Fredrick and Lafferty, John D and Mercer, Robert L and Roossin, Paul S},
  journal={Computational linguistics},
  volume={16},
  number={2},
  pages={79--85},
  year={1990},
  publisher={MIT Press}
}

@article{brown1993mathematics,
  title={The mathematics of statistical machine translation: Parameter estimation},
  author={Brown, Peter F and Pietra, Vincent J Della and Pietra, Stephen A Della and Mercer, Robert L},
  journal={Computational linguistics},
  volume={19},
  number={2},
  pages={263--311},
  year={1993},
  publisher={MIT Press}
}

@article{bishop2006pattern,
  title={Pattern recognition},
  author={Bishop, Christopher M},
  journal={Machine Learning},
  volume={128},
  year={2006}
}

@inproceedings{berg2013decipherment,
  title={Decipherment with a Million Random Restarts.},
  author={Berg-Kirkpatrick, Taylor and Klein, Dan},
  booktitle={EMNLP},
  pages={874--878},
  year={2013}
}

@article{blomer2013simple,
  title={Simple Methods for Initializing the EM Algorithm for Gaussian Mixture Models},
  author={Bl{\"o}mer, Johannes and Bujna, Kathrin},
  journal={arXiv preprint arXiv:1312.5946},
  year={2013}
}


@article{church1991probability,
  title={Probability scoring for spelling correction},
  author={Church, Kenneth W and Gale, William A},
  journal={Statistics and Computing},
  volume={1},
  number={2},
  pages={93--103},
  year={1991},
  publisher={Springer}
}

@article{collins2011statistical,
  title={Statistical machine translation: IBM models 1 and 2},
  author={Collins, Michael},
  journal={Columbia Columbia Univ},
  year={2011}
}
@inproceedings{chen2012detecting,
  title={Detecting offensive language in social media to protect adolescent online safety},
  author={Chen, Ying and Zhou, Yilu and Zhu, Sencun and Xu, Heng},
  booktitle={Privacy, Security, Risk and Trust (PASSAT), 2012 International Conference on and 2012 International Confernece on Social Computing (SocialCom)},
  pages={71--80},
  year={2012},
  organization={IEEE}
}

@article{collins2013forward-backward,
  title={The forward-backward algorithm},
  author={Collins, Michael},
  journal={Columbia Columbia Univ},
  year={2013}
}
@article{damerau1964technique,
  title={A technique for computer detection and correction of spelling errors},
  author={Damerau, Fred J},
  journal={Communications of the ACM},
  volume={7},
  number={3},
  pages={171--176},
  year={1964},
  publisher={ACM}
}

@book{Dempster:77,
   author = {Dempster, Arthur P and Laird, Nan M and Rubin, Donald B},
   title = {Maximum likelihood from incomplete data via the EM algorithm},
   publisher = {Journal of the royal statistical society. Series B (methodological), page 1-38},
   year = {1977}
   }


@inproceedings{dou2013dependency,
  title={Dependency-Based Decipherment for Resource-Limited Machine Translation.},
  author={Dou, Qing and Knight, Kevin},
  booktitle={EMNLP},
  pages={1668--1676},
  year={2013}
}

@article{forney1973viterbi,
  title={The viterbi algorithm},
  author={Forney Jr, G David},
  journal={Proceedings of the IEEE},
  volume={61},
  number={3},
  pages={268--278},
  year={1973},
  publisher={IEEE}
}
@book{frederick1997statistical,
  title={Statistical methods for speech recognition},
  author={Frederick Jelinek},
  year={1997},
  publisher={MIT press}
}
@article{graff2003english,
  title={English gigaword},
  author={Graff, David and Kong, Junbo and Chen, Ke and Maeda, Kazuaki},
  journal={Linguistic Data Consortium, Philadelphia},
  year={2003}
}

@inproceedings{gao2008comparison,
  title={A comparison of Bayesian estimators for unsupervised Hidden Markov Model POS taggers},
  author={Gao, Jianfeng and Johnson, Mark},
  booktitle={Proceedings of the Conference on Empirical Methods in Natural Language Processing},
  pages={344--352},
  year={2008},
  organization={Association for Computational Linguistics}
}

@inproceedings{johnson2007doesn,
  title={Why doesn't EM find good HMM POS-taggers?},
  author={Johnson, Mark},
  booktitle={EMNLP-CoNLL},
  pages={296--305},
  year={2007}
}

@misc{john2013,
  author = {{Solar Designer and Community}},
  title = {John the Ripper password cracker},
  year = {2013},
  publisher = {GNU General Public License},
  howpublished = {\url{http://www.openwall.com/john}}
}

@book{jurafsky2014speech,
  title={Speech and language processing},
  author={Jurafsky, Dan and Martin, James H},
  year={2014},
  publisher={Pearson}
}

@inproceedings{kernighan1990spelling,
  title={A spelling correction program based on a noisy channel model},
  author={Kernighan, Mark D and Church, Kenneth W and Gale, William A},
  booktitle={Proceedings of the 13th conference on Computational linguistics-Volume 2},
  pages={205--210},
  year={1990},
  organization={Association for Computational Linguistics}
}


@inproceedings{knight1999computational,
  title={A computational approach to deciphering unknown scripts},
  author={Knight, Kevin and Yamada, Kenji},
  booktitle={ACL Workshop on Unsupervised Learning in Natural Language Processing},
  note={1},
  pages={37--44},
  year={1999}
}

@inproceedings{koehn2005europarl,
  title={Europarl: A parallel corpus for statistical machine translation},
  author={Koehn, Philipp},
  booktitle={MT summit},
  volume={5},
  pages={79--86},
  year={2005}
}
@inproceedings{knight2006unsupervised,
  title={Unsupervised analysis for decipherment problems},
  author={Knight, Kevin and Nair, Anish and Rathod, Nishit and Yamada, Kenji},
  booktitle={Proceedings of the COLING/ACL on Main conference poster sessions},
  pages={499--506},
  year={2006},
  organization={Association for Computational Linguistics}
}

@misc{Kiso2012,
  author = {Kiso, Tetsuo},
  title = {A python wrapper for determining interpolation weights with SRILM},
  year = {2012},
  publisher = {GitHub},
  journal = {GitHub repository},
  howpublished = {\url{https://github.com/tetsuok/py-srilm-interpolator}},
  commit = {063d87be16e6c7ec8f9b3b0e4f97e2616ec46b46}
}
@misc{KoreLogic2012,
  author = {{Kore Logic Security}},
  title = {Kore Logic Custom rules},
  year = {2012},
  publisher = {KoreLogic},
  howpublished = {\url{http://contest-2010.korelogic.com/rules.txt}}
}

@article{kansara2015framework,
  title={A framework for cyberbullying detection in social network},
  author={Kansara, Krishna B and Shekokar, Narendra M},
  journal={International Journal of Current Engineering and Technology},
  volume={5},
  year={2015}
}


@inproceedings{levenshtein1966binary,
  title={Binary codes capable of correcting deletions, insertions and reversals},
  author={Levenshtein, Vladimir I},
  booktitle={Soviet physics doklady},
  volume={10},
  pages={707},
  year={1966}
}

@misc{Leet2016,
author={Wikipedia},
year={2016},
title={from \url{https://en.wikipedia.org/wiki/Leet}. Retrieved 11 June 2016, }

}
@article{norvig2009natural,
  title={Natural language corpus data},
  author={Norvig, Peter},
  journal={Beautiful Data},
  pages={219--242},
  year={2009}
}

@inproceedings{nuhn2013beam,
  title={Beam Search for Solving Substitution Ciphers.},
  author={Nuhn, Malte and Schamper, Julian and Ney, Hermann},
  booktitle={Citeseer},
  year={2013}
}

@article{reddy1977speech,
  title={Speech Understanding Systems: A Summary of Results of the Five-Year Research Effort},
  author={Reddy, DR and others},
  journal={Department of Computer Science. Camegie-Mell University, Pittsburgh, PA},
  year={1977}
}

@article{rabiner1989tutorial,
  title={A tutorial on hidden Markov models and selected applications in speech recognition},
  author={Rabiner, Lawrence R},
  journal={Proceedings of the IEEE},
  volume={77},
  number={2},
  pages={257--286},
  year={1989},
  publisher={IEEE}
}

@article{shannon1948mathematical,
  title={A mathematical theory of communication},
  author={Shannon, Claude Elwood},
  journal={Bell System Technical Journal},
  volume={27},
  number={3},
  pages={379--423},
  year={1948}
}

@book{koehn2009statistical,
  title={Statistical machine translation},
  author={Koehn, Philipp},
  year={2009},
  publisher={Cambridge University Press}
}


@book{russell2003artificial,
  title={Artificial intelligence: a modern approach},
  author={Russell, Stuart Jonathan and Norvig, Peter and Canny, John F and Malik, Jitendra M and Edwards, Douglas D},
  volume={2},
  year={2003},
  publisher={Prentice hall Upper Saddle River}
}

@inproceedings{ravi2011deciphering,
  title={Deciphering foreign language},
  author={Ravi, Sujith and Knight, Kevin},
  booktitle={Proceedings of the 49th Annual Meeting of the Association for Computational Linguistics: Human Language Technologies-Volume 1},
  pages={12--21},
  year={2011},
  organization={Association for Computational Linguistics}
}
@inproceedings{razavi2010offensive,
  title={Offensive language detection using multi-level classification},
  author={Razavi, Amir H and Inkpen, Diana and Uritsky, Sasha and Matwin, Stan},
  booktitle={Canadian Conference on Artificial Intelligence},
  pages={16--27},
  year={2010},
  organization={Springer}
}
@article{stratonovich1960conditional,
  title={Conditional markov processes},
  author={Stratonovich, Ruslan Leont'evich},
  journal={Theory of Probability \& Its Applications},
  volume={5},
  number={2},
  pages={156--178},
  year={1960},
  publisher={SIAM}
}

@inproceedings{stolcke2002srilm,
  title={SRILM-an extensible language modeling toolkit.},
  author={Stolcke, Andreas and others},
  year={2002},
  booktitle={Interspeech}
}


@article{weaver1955translation,
  title={Translation},
  author={Weaver, Warren},
  journal={Machine translation of languages},
  volume={14},
  pages={15--23},
  year={1955},
  publisher={Cambridge: Technology Press, MIT}
}

@article{Yu_libshorttext,
  title={Libshorttext: A library for short-text classification and analysis},
  author={Yu, H and Ho, C and Juan, Y and Lin, C},
  year={2013}
}





